@inproceedings{bengio2020,
  author = {Bengio, Yoshua and Ducharme, R\'{e}jean and Vincent, Pascal},
  booktitle = {Advances in Neural Information Processing Systems},
  editor = {T. Leen and T. Dietterich and V. Tresp},
  pages = {},
  publisher = {MIT Press},
  title = {A Neural Probabilistic Language Model},
  url = {https://proceedings.neurips.cc/paper_files/paper/2000/file/728f206c2a01bf572b5940d7d9a8fa4c-Paper.pdf},
  volume = {13},
  year = {2000}
}

@misc{mikolov2013,
  title={Efficient Estimation of Word Representations in Vector Space}, 
  author={Tomas Mikolov and Kai Chen and Greg Corrado and Jeffrey Dean},
  year={2013},
  eprint={1301.3781},
  archivePrefix={arXiv},
  primaryClass={cs.CL},
  url={https://arxiv.org/abs/1301.3781}, 
}

@misc{vaswani2017,
  title={Attention Is All You Need}, 
  author={Ashish Vaswani and Noam Shazeer and Niki Parmar and Jakob Uszkoreit and Llion Jones and Aidan N. Gomez and Lukasz Kaiser and Illia Polosukhin},
  year={2017},
  eprint={1706.03762},
  archivePrefix={arXiv},
  primaryClass={cs.CL},
  url={https://arxiv.org/abs/1706.03762}, 
}

% -----------------

@misc{a,
  url={https://arxiv.org/pdf/2407.02646},
}

@misc{b,
  url={https://transformer-circuits.pub/2022/mech-interp-essay},
}

@misc{c,
  url={https://arxiv.org/pdf/2405.00208},
}

@misc{d,
  url={https://arxiv.org/pdf/1412.6815},
}

@misc{e,
  url={https://aclanthology.org/2021.naacl-main.399.pdf},
}

@misc{f,
  url={https://aclanthology.org/2021.emnlp-main.805.pdf},
}

@misc{g,
  url={https://aclanthology.org/2023.findings-acl.477.pdf},
}

@misc{h,
  url={https://arxiv.org/pdf/1612.08220},
}

@misc{i,
  url={https://www.semanticscholar.org/paper/SyntaxShap%3A-Syntax-aware-Explainability-Method-for-Amara-Sevastjanova/1cbea673c605ef27d620e12d6a12f641220e0371},
}

@misc{l,
  url={https://aclanthology.org/2023.eacl-main.245/},
}

@misc{m,
  url={https://arxiv.org/pdf/1703.01365},
}

@misc{n,
  url={https://arxiv.org/pdf/1706.03825},
}

@misc{o,
  url={https://arxiv.org/pdf/1602.04938},
}

@misc{p,
  url={https://proceedings.neurips.cc/paper_files/paper/2017/file/8a20a8621978632d76c43dfd28b67767-Paper.pdf},
}

@misc{q,
  url={https://aclanthology.org/2022.emnlp-main.595/},
}

@misc{r,
  url={https://aclanthology.org/2022.naacl-main.19/},
}

@misc{s,
  url={https://aclanthology.org/2023.eacl-main.245/},
}

@misc{t,
  url={https://aclanthology.org/2022.emnlp-main.14/},
}

@misc{u,
  url={https://arxiv.org/abs/2310.00902},
}

@misc{v,
  url={https://www.semanticscholar.org/paper/Studying-Large-Language-Model-Generalization-with-Grosse-Bae/04a96b66705858c988edfcb73191c1da7d54abfb },
}

@misc{z,
  url={http://proceedings.mlr.press/v119/sixt20a/sixt20a.pdf},
}

@misc{aa,
  url={https://arxiv.org/pdf/1810.03292},
}

@misc{ab,
  url={https://aclanthology.org/2020.emnlp-main.263/},
}

@misc{ac,
  url={https://aclanthology.org/2022.emnlp-main.3/},
}  

@misc{ad,
  url={https://aclanthology.org/2023.acl-long.301/},
}  

@misc{ae,
  url={https://arxiv.org/abs/2211.00593},
}  

@misc{af,
  url={https://proceedings.neurips.cc/paper_files/paper/2021/file/4f5c422f4d49a5a807eda27434231040-Paper.pdf},
}

@misc{ag,
  url={https://transformer-circuits.pub/2022/in-context-learning-and-induction-heads/index.html},
}

@misc{ah,
  url={https://aclanthology.org/2023.eacl-main.245/},
}

@misc{ai,
  url={https://proceedings.neurips.cc/paper_files/paper/2022/hash/6f1d43d5a82a37e89b0665b33bf3a182-Abstract-Conference.html},
}

@misc{al,
  url={https://papers.nips.cc/paper_files/paper/2023/file/efbba7719cc5172d175240f24be11280-Paper-Conference.pdf},
}

@misc{am,
  url={https://papers.nips.cc/paper_files/paper/2023/file/34e1dbe95d34d7ebaf99b9bcaeb5b2be-Paper-Conference.pdf},
}

@misc{an,
  url={https://arxiv.org/abs/2211.00593},
}

@misc{ao,
  url={https://arxiv.org/pdf/2309.16042},
}

@misc{ap,
  url={https://arxiv.org/abs/2307.09458},
}

@misc{aq,
  url={https://proceedings.neurips.cc/paper_files/paper/2022/hash/6f1d43d5a82a37e89b0665b33bf3a182-Abstract-Conference.html},
}

@misc{ar,
  url={https://distill.pub/2020/circuits/},
}

@misc{as,
  url={},
}







